@Book{Wolper:2001,
  author =	 {Pierre Wolper},
  title = 	 {Introduction \`a la calculabilit\'e},
  publisher = 	 {Dunod},
  year = 	 2001,
  note =	 {Seconde \'edition}
}

@Book{Monin:2000,
  author =	 {Jean-Fran\c{c}ois Monin},
  title = 	 {Introduction aux m\'ethodes formelles},
  publisher = 	 {Herm\`es Science},
  year = 	 2000,
  note =	 {Seconde \'edition}
}

