@Book{RussellNorvig:2002,
  author =	 {Stuart J. Russell and Peter Norvig},
  title = 	 {Artificial Intelligence: A Modern Approach},
  publisher = 	 {Prentice Hall},
  year = 	 2002,
  edition =	 {second},
  month =	 {dec},
  note =	 {\url{http://aima.cs.berkeley.edu/}},
  annote =	 {1132 pages}
}

@Book{SterlingShapiro:1994,
  author =	 {Leon Sterling and Ehud Shapiro},
  title = 	 {{T}he {A}rt of {P}rolog},
  publisher = 	 {MIT Press},
  year = 	 1994,
  series =	 {Logic Programming},
  edition =	 {second}
}

@Book{Bratko:2001,
  author =	 {Ivan Bratko},
  title = 	 {{PROLOG} -- {P}rogramming for {A}rtificial {I}ntelligence},
  publisher = 	 {Pearson Education and Addison Wesley},
  year = 	 2001,
  edition =	 {third}
}

