@Article{aho-corasick-75,
  author  = {Alfred~V. Aho and Margaret~J. Corasick},
  title   = {{Efficient string matching: An aid to bibliographic
             search}},
  journal = {Communications of the ACM},
  year    = 1975,
  volume  = 18,
  number  = 6,
  pages   = {333--340}
}

@Article{archer-99,
  author  = {Aaron~F Archer},
  title   = {{A modern treatment of the 15 puzzle}},
  journal = {American Mathematical Monthly},
  year    = 1999,
  volume  = 106,
  pages   = {793--799},
  month   = nov
}

@Book{cormen,
  author    = {Thomas Cormen and Charles Leiserson and Ronald
               Rivest and Clifford Stein},
  title     = {{Introduction to Algorithms}},
  publisher = {The MIT Press},
  edition   = {third},
  year      = 2009
}

@Article{dijkstra-59,
  author  = {Edsger Wybe Dijkstra},
  title   = {{A note on two problems in connection with graphs}},
  journal = {Numerische Mathematik},
  year    = 1959,
  volume  = 1,
  pages   = {269--271}
}

@Article{hansson-92,
  author  = {Othar Hansson and Andrew Mayer and Moti Yung},
  title   = {{Criticizing solutions to relaxed models yields
             powerful admissible heuristics}},
  journal = {Information Sciences},
  year    = 1992,
  volume  = 63,
  number  = 3,
  pages   = {207--227},
  month   = sep
}

@Article{hart-68,
  author  = {Peter~E. Hart and Nils~J. Nilsson and Bertram Raphael},
  title   = {A formal basis for the heuristic determination of minimum
             cost paths},
  journal = {IEEE Transactions on Systems Science and Cybernetics},
  year    = 1968,
  volume  = 4,
  number  = 2,
  pages   = {100--107},
  month   = jul
}

@Article{hart-72,
  author  = {Peter~E. Hart and Nils~J. Nilsson and Bertram
             Raphael}, 
  title   = {{Correction to ``A formal basis for the heuristic
              determination of minimum cost paths''}},
  journal = {SIGART Newsletter},
  year    = 1972,
  volume  = 37,
  pages   = {28--29}
}

@Article{haym-99,
  author  = {Haym Hirsh},
  title   = {{Playing with AI}},
  journal = {IEEE Intelligent Systems},
  year    = 1999,
  pages   = {8--18},
  month   = nov
}

@Article{korf-85,
  author  = {Richard~E. Korf},
  title   = {{Depth-first iterative-deepening: An optimal admissible
              tree search}},
  journal = {Artificial Intelligence},
  year    = 1985,
  volume  = 27,
  number  = 1,
  pages   = {97--109},
  month   = sep
}

@InProceedings{korf-taylor-96,
  author    = {Richard~E. Korf and Larry~A. Taylor},
  title     = {{Finding optimal solutions to the Twenty-Four Puzzle}},
  booktitle = {National Conference on Artificial Intelligence (AAAI)},
  pages     = {1202--1207},
  year      = 1996
}

@Article{reinefeld-marsland-93,
  author  = {Alexander Reinefeld and T.~A. Marsland},
  title   = {Enhanced iterative-deepening search},
  journal = {IEEE Transactions on Pattern Analysis and Machine 
             Intelligence},
  year    = 1994,
  volume  = 16,
  number  = 7,
  pages   = {701--710}
}

@Book{sedgewick-graphs-java,
  author    = {Robert Sedgewick and Michael Schidlowsky},
  title     = {{Algorithms in Java: Graph Algorithms}},
  publisher = {Addison-Wesley},
  year      = 2003
}

@InProceedings{taylor-korf-93,
  author    = {Larry~A. Taylor and Richard~E. Korf},
  title     = {{Pruning duplicate nodes in depth-first search}},
  booktitle = {National Conference on Artificial Intelligence (AAAI)},
  pages     = {756--761},
  year      = 1993
}
