@Book{Lepied:2000,
  author =	 {Fr\'{e}d\'{e}ric Lepied},
  title = 	 {CVS --- Configuration et mise en {\oe}uvre},
  publisher = 	 {\'{E}ditions O'Reilly},
  year = 	 2000,
  note =	 {ISBN~2-84177-057-5}
}

